<?xml version="1.0" encoding="UTF-8"?><collection xmlns="http://www.loc.gov/MARC21/slim"><record><leader>00420nam--2200145-i-4500</leader><controlfield tag="001">000027595</controlfield><controlfield tag="002">20161230</controlfield><controlfield tag="005">20161230201036</controlfield><controlfield tag="008">060222s1000------------r-----000-0-eng-d</controlfield><datafield ind1=" " ind2=" " tag="080"><subfield code="a">621.3.035.2:541.135.5</subfield></datafield><datafield ind1=" " ind2=" " tag="100"><subfield code="a">Kratz, Ludwig</subfield></datafield><datafield ind1=" " ind2=" " tag="245"><subfield code="a">Die glaselektrode und ihre anwendungen</subfield></datafield><datafield ind1=" " ind2=" " tag="260"><subfield code="a">Frankfurt/Main, Verlag Von Dr.Dietrich Steinkopff, 1950, Xii + 377p</subfield></datafield><datafield ind1=" " ind2=" " tag="490"><subfield code="a">Wiss.Forschungsberichte ..</subfield></datafield><datafield ind1=" " ind2=" " tag="852"><subfield code="a">1417</subfield></datafield></record></collection>